@article{henning:1921,
  title = {Der Zahlenwert der Gaskonstante},
  author = {Henning, F.},
  date = {1921-12-01},
  journaltitle = {Z. Physik},
  volume = {6},
  number = {1},
  pages = {69--72},
  issn = {0044-3328},
  doi = {10.1007/BF01327964},
  url = {https://doi.org/10.1007/BF01327964},
  urldate = {2025-02-14},
  langid = {ngerman}
}

@book{langeheinecke:2013,
  title = {Thermodynamik für Ingenieure: Ein Lehr- und Arbeitsbuch für das Studium},
  shorttitle = {Thermodynamik für Ingenieure},
  author = {Langeheinecke, Klaus and Jany, Peter and Thieleke, Gerd and Langeheinecke, Kay and Kaufmann, Andre},
  date = {2013},
  publisher = {Springer Fachmedien Wiesbaden},
  location = {Wiesbaden},
  doi = {10.1007/978-3-658-03169-5},
  url = {https://link.springer.com/10.1007/978-3-658-03169-5},
  urldate = {2025-01-19},
  isbn = {978-3-658-03168-8 978-3-658-03169-5},
  langid = {ngerman}
}
